<record><leader>00000cas a22000007a 4500</leader><controlfield tag="001">11205976</controlfield><controlfield tag="008">840928d18501852nhuwr ne      0    0eng  </controlfield><datafield ind1=" " ind2=" " tag="010"><subfield code="a">sn 84020578 </subfield></datafield><datafield ind1=" " ind2=" " tag="040"><subfield code="a">DLC</subfield><subfield code="b">eng</subfield><subfield code="c">DLC</subfield><subfield code="d">NVH</subfield><subfield code="d">OCLCQ</subfield></datafield><datafield ind1=" " ind2=" " tag="042"><subfield code="a">msc</subfield></datafield><datafield ind1="0" ind2="0" tag="050"><subfield code="a">Newspaper 8738</subfield></datafield><datafield ind1="0" ind2=" " tag="130"><subfield code="a">Belknap gazette (Laconia, N.H. : 1850)</subfield></datafield><datafield ind1="1" ind2="4" tag="245"><subfield code="a">The Belknap gazette.</subfield></datafield><datafield ind1=" " ind2=" " tag="260"><subfield code="a">Meredith Bridge [Laconia], N.H. :</subfield><subfield code="b">A.C. Wright &amp; Cook</subfield></datafield><datafield ind1=" " ind2=" " tag="300"><subfield code="a">v.</subfield></datafield><datafield ind1=" " ind2=" " tag="310"><subfield code="a">Weekly</subfield></datafield><datafield ind1="0" ind2=" " tag="362"><subfield code="a">-v. 6, no. 27 (Sept. 11, 1852).</subfield></datafield><datafield ind1="1" ind2=" " tag="362"><subfield code="a">Began in 1850?</subfield></datafield><datafield ind1=" " ind2=" " tag="515"><subfield code="a">Suspended June 26, 1852.</subfield></datafield><datafield ind1=" " ind2=" " tag="588"><subfield code="a">Description based on: Vol. 4, new ser., no. 44 (Jan. 4, 1851).</subfield></datafield><datafield ind1=" " ind2=" " tag="752"><subfield code="a">United States</subfield><subfield code="b">New Hampshire</subfield><subfield code="c">Belknap</subfield><subfield code="d">Laconia.</subfield></datafield><datafield ind1=" " ind2=" " tag="752"><subfield code="a">United States</subfield><subfield code="b">New Hampshire</subfield><subfield code="c">Belknap</subfield><subfield code="d">Meredith Bridge.</subfield></datafield><datafield ind1="0" ind2="0" tag="780"><subfield code="t">Belknap gazette and Carroll County advertiser</subfield><subfield code="w">(DLC)sn 84023775</subfield></datafield><datafield ind1="0" ind2="0" tag="785"><subfield code="t">Belknap County gazette</subfield><subfield code="w">(DLC)sn 84020544</subfield></datafield><datafield ind1="1" ind2=" " tag="029"><subfield code="a">AU@</subfield><subfield code="b">000025811751</subfield></datafield></record>